23700000         240520193000126445304              0255340000000261874 SIGGA TRANSPORTES SA          BANCO BRADESCO SA                       11105202209432900000108901600                                                                     
23700011C2001045 240520193000126445304              0255340000000261874 SIGGA TRANSPORTES SA                                                  AV HERBERT DE SOUZA           00631               BOCAIUVA            39390000MG01                
2370001300001A0000002370304900000002109557 SAGATECH LTDA                 0000000000000000753511052022BRL000000000000000000000000000100                    00000000000000000000000                                                    0          
2370001300002B   225084156000129DESEMBARGADOR VELOSO          01368               CENTRO         BOCAIUVA            39390000MG11052022000000000000100000000000000000000000000000000000000000000000000000000000000               000000000000000
23700015         000004000000000000000100000000000000000000000000                                                                                                                                                                               
23799999         000001000006000000                                                                                                                                                                                                             